@Book{clalg:11,
  author = 	 {Jason Brownlee},
  title = 	 {Clever Algorithms},
  publisher = 	 {LuLu},
  year = 	 {2011},
  edition = 	 {1st}
}

@article{dblp:fr,
  author    = {Fabr{\'{\i}}cio Olivetti de Fran{\c{c}}a and
               Fernando J. Von Zuben and
               Leandro Nunes de Castro},
  title     = {Max Min Ant System and Capacitated p-Medians: Extensions and Improved
               Solutions},
  journal   = {Informatica (Slovenia)},
  volume    = {29},
  number    = {2},
  pages     = {163--172},
  year      = {2005},
  url       = {http://www.informatica.si/index.php/informatica/article/view/29},
  timestamp = {Mon, 15 Feb 2016 15:13:56 +0100},
  biburl    = {http://dblp.org/rec/bib/journals/informaticaSI/FrancaZC05},
  bibsource = {dblp computer science bibliography, http://dblp.org}
}