@book{clevalg,
 author = {Brownlee, Jason},
 title = {Clever Algorithms: Nature-Inspired Programming Recipes},
 year = {2011},
 isbn = {1446785068, 9781446785065},
 edition = {1st},
 publisher = {Lulu.com},
}